%YAML 1.1
%TAG !u! tag:unity3d.com,2011:
--- !u!114 &-9012787933955918956
MonoBehaviour:
  m_ObjectHideFlags: 0
  m_CorrespondingSourceObject: {fileID: 0}
  m_PrefabInstance: {fileID: 0}
  m_PrefabAsset: {fileID: 0}
  m_GameObject: {fileID: 0}
  m_Enabled: 1
  m_EditorHideFlags: 0
  m_Script: {fileID: 11500000, guid: d6f3a6cddb63ef642a4ea08aa4d52f7a, type: 3}
  m_Name: ClearMeshData
  m_EditorClassIdentifier: 
  m_graph: {fileID: 11400000}
  m_position: {x: 1160, y: 56}
  m_data: {fileID: -3139582711525230478}
--- !u!114 &-8294243652476821611
MonoBehaviour:
  m_ObjectHideFlags: 0
  m_CorrespondingSourceObject: {fileID: 0}
  m_PrefabInstance: {fileID: 0}
  m_PrefabAsset: {fileID: 0}
  m_GameObject: {fileID: 0}
  m_Enabled: 1
  m_EditorHideFlags: 0
  m_Script: {fileID: 11500000, guid: d6f3a6cddb63ef642a4ea08aa4d52f7a, type: 3}
  m_Name: S|Ground Mesh
  m_EditorClassIdentifier: 
  m_graph: {fileID: 11400000}
  m_position: {x: 2088, y: -248}
  m_data: {fileID: 2155323911636975006}
--- !u!114 &-7515217902629621447
MonoBehaviour:
  m_ObjectHideFlags: 0
  m_CorrespondingSourceObject: {fileID: 0}
  m_PrefabInstance: {fileID: 0}
  m_PrefabAsset: {fileID: 0}
  m_GameObject: {fileID: 0}
  m_Enabled: 1
  m_EditorHideFlags: 0
  m_Script: {fileID: 11500000, guid: d6f3a6cddb63ef642a4ea08aa4d52f7a, type: 3}
  m_Name: Sequence
  m_EditorClassIdentifier: 
  m_graph: {fileID: 11400000}
  m_position: {x: 904, y: -88}
  m_data: {fileID: 3116447433379110262}
--- !u!114 &-7469394856012050960
MonoBehaviour:
  m_ObjectHideFlags: 0
  m_CorrespondingSourceObject: {fileID: 0}
  m_PrefabInstance: {fileID: 0}
  m_PrefabAsset: {fileID: 0}
  m_GameObject: {fileID: 0}
  m_Enabled: 1
  m_EditorHideFlags: 0
  m_Script: {fileID: 11500000, guid: 4ce7451e556a4fa4daf5fb143bc2b216, type: 3}
  m_Name: InitGrid
  m_EditorClassIdentifier: 
  Enabled: 1
  DebugName: 
  GUIData:
    UseColor: 0
    GUIColor: {r: 1, g: 1, b: 1, a: 1}
    Icon: {fileID: 0}
  m_node: {fileID: 4281945750043954039}
  m_room:
    m_contextType: 0
    m_scriptable: {fileID: 0}
    m_contextProvider:
      ObjectField: {fileID: 11400000}
      ResultType: 
  m_platform:
    m_contextType: 0
    m_scriptable: {fileID: -1279572349265623118, guid: e65abf8910d78e34d8a2ecee7bf4f02b, type: 2}
    m_contextProvider:
      ObjectField: {fileID: 11400000}
      ResultType: 
  m_grid:
    m_contextType: 0
    m_scriptable: {fileID: 3406154075349550470, guid: e65abf8910d78e34d8a2ecee7bf4f02b, type: 2}
    m_contextProvider:
      ObjectField: {fileID: 11400000}
      ResultType: 
--- !u!114 &-6897966154391276716
MonoBehaviour:
  m_ObjectHideFlags: 0
  m_CorrespondingSourceObject: {fileID: 0}
  m_PrefabInstance: {fileID: 0}
  m_PrefabAsset: {fileID: 0}
  m_GameObject: {fileID: 0}
  m_Enabled: 1
  m_EditorHideFlags: 0
  m_Script: {fileID: 11500000, guid: 4ccb7cfe850fd7544914924fef1bd523, type: 3}
  m_Name: UpdateAutoTile
  m_EditorClassIdentifier: 
  Enabled: 1
  DebugName: 
  GUIData:
    UseColor: 0
    GUIColor: {r: 1, g: 1, b: 1, a: 1}
    Icon: {fileID: 0}
  m_node: {fileID: 2516969555625685835}
  m_grid:
    m_contextType: 0
    m_scriptable: {fileID: 3406154075349550470, guid: e65abf8910d78e34d8a2ecee7bf4f02b, type: 2}
    m_contextProvider:
      ObjectField: {fileID: 11400000}
      ResultType: 
  m_currentPosition:
    m_contextType: 0
    m_scriptable: {fileID: 840613771059934576, guid: e65abf8910d78e34d8a2ecee7bf4f02b, type: 2}
    m_contextProvider:
      ObjectField: {fileID: 11400000}
      ResultType: 
    m_intrinsicValue: {x: 0, y: 0, z: 0}
  m_setListConfig: {fileID: 11400000, guid: dfa48f1d301d1ca44afb081321a1d4da, type: 2}
  m_autoTile:
    Config:
      ObjectField: {fileID: 11400000, guid: 258a1128194b9ea4c8c9852e4bf90333, type: 2}
      ResultType: 
    TileIdx: 0
  m_floorTile:
    Config:
      ObjectField: {fileID: 11400000, guid: 258a1128194b9ea4c8c9852e4bf90333, type: 2}
      ResultType: 
    TileIdx: 1
  m_wallTile:
    Config:
      ObjectField: {fileID: 11400000, guid: 258a1128194b9ea4c8c9852e4bf90333, type: 2}
      ResultType: 
    TileIdx: 2
  m_emptyTile:
    Config:
      ObjectField: {fileID: 11400000, guid: 258a1128194b9ea4c8c9852e4bf90333, type: 2}
      ResultType: 
    TileIdx: 3
--- !u!114 &-6434211268597148731
MonoBehaviour:
  m_ObjectHideFlags: 0
  m_CorrespondingSourceObject: {fileID: 0}
  m_PrefabInstance: {fileID: 0}
  m_PrefabAsset: {fileID: 0}
  m_GameObject: {fileID: 0}
  m_Enabled: 1
  m_EditorHideFlags: 0
  m_Script: {fileID: 11500000, guid: 41fa004e0f21a514696d3481a493b73e, type: 3}
  m_Name: Sequence
  m_EditorClassIdentifier: 
  Enabled: 1
  DebugName: 
  GUIData:
    UseColor: 0
    GUIColor: {r: 1, g: 1, b: 1, a: 1}
    Icon: {fileID: 0}
  m_node: {fileID: -4291065513679428463}
  m_actions:
  - {fileID: 8192333096341901811}
  - {fileID: 7912772179449586026}
  - {fileID: 7889587566924814912}
  - {fileID: -690004063838700200}
  m_name: Wall Mesh
--- !u!114 &-4291065513679428463
MonoBehaviour:
  m_ObjectHideFlags: 0
  m_CorrespondingSourceObject: {fileID: 0}
  m_PrefabInstance: {fileID: 0}
  m_PrefabAsset: {fileID: 0}
  m_GameObject: {fileID: 0}
  m_Enabled: 1
  m_EditorHideFlags: 0
  m_Script: {fileID: 11500000, guid: d6f3a6cddb63ef642a4ea08aa4d52f7a, type: 3}
  m_Name: S|Wall Mesh
  m_EditorClassIdentifier: 
  m_graph: {fileID: 11400000}
  m_position: {x: 2088, y: -24}
  m_data: {fileID: -6434211268597148731}
--- !u!114 &-3922736548950158816
MonoBehaviour:
  m_ObjectHideFlags: 0
  m_CorrespondingSourceObject: {fileID: 0}
  m_PrefabInstance: {fileID: 0}
  m_PrefabAsset: {fileID: 0}
  m_GameObject: {fileID: 0}
  m_Enabled: 1
  m_EditorHideFlags: 0
  m_Script: {fileID: 11500000, guid: d6f3a6cddb63ef642a4ea08aa4d52f7a, type: 3}
  m_Name: PushMeshData
  m_EditorClassIdentifier: 
  m_graph: {fileID: 11400000}
  m_position: {x: 2440, y: 360}
  m_data: {fileID: -690004063838700200}
--- !u!114 &-3432183827716320537
MonoBehaviour:
  m_ObjectHideFlags: 0
  m_CorrespondingSourceObject: {fileID: 0}
  m_PrefabInstance: {fileID: 0}
  m_PrefabAsset: {fileID: 0}
  m_GameObject: {fileID: 0}
  m_Enabled: 1
  m_EditorHideFlags: 0
  m_Script: {fileID: 11500000, guid: d6f3a6cddb63ef642a4ea08aa4d52f7a, type: 3}
  m_Name: ApplyMeshData
  m_EditorClassIdentifier: 
  m_graph: {fileID: 11400000}
  m_position: {x: 1176, y: 344}
  m_data: {fileID: -1975417051875021800}
--- !u!114 &-3418940491019611759
MonoBehaviour:
  m_ObjectHideFlags: 0
  m_CorrespondingSourceObject: {fileID: 0}
  m_PrefabInstance: {fileID: 0}
  m_PrefabAsset: {fileID: 0}
  m_GameObject: {fileID: 0}
  m_Enabled: 1
  m_EditorHideFlags: 0
  m_Script: {fileID: 11500000, guid: d6f3a6cddb63ef642a4ea08aa4d52f7a, type: 3}
  m_Name: S|Grid
  m_EditorClassIdentifier: 
  m_graph: {fileID: 11400000}
  m_position: {x: 1336, y: -440}
  m_data: {fileID: 1241363435087046970}
--- !u!114 &-3139582711525230478
MonoBehaviour:
  m_ObjectHideFlags: 0
  m_CorrespondingSourceObject: {fileID: 0}
  m_PrefabInstance: {fileID: 0}
  m_PrefabAsset: {fileID: 0}
  m_GameObject: {fileID: 0}
  m_Enabled: 1
  m_EditorHideFlags: 0
  m_Script: {fileID: 11500000, guid: e2dd76d94a44e58459702f9284172ed3, type: 3}
  m_Name: ClearMeshData
  m_EditorClassIdentifier: 
  Enabled: 1
  DebugName: 
  GUIData:
    UseColor: 0
    GUIColor: {r: 1, g: 1, b: 1, a: 1}
    Icon: {fileID: 0}
  m_node: {fileID: -9012787933955918956}
  m_meshData:
  - m_contextType: 0
    m_scriptable: {fileID: -9087170181262432259, guid: e65abf8910d78e34d8a2ecee7bf4f02b, type: 2}
    m_contextProvider:
      ObjectField: {fileID: 11400000}
      ResultType: 
  - m_contextType: 0
    m_scriptable: {fileID: -7399114250515683900, guid: e65abf8910d78e34d8a2ecee7bf4f02b, type: 2}
    m_contextProvider:
      ObjectField: {fileID: 11400000}
      ResultType: 
--- !u!114 &-2870103089859971713
MonoBehaviour:
  m_ObjectHideFlags: 0
  m_CorrespondingSourceObject: {fileID: 0}
  m_PrefabInstance: {fileID: 0}
  m_PrefabAsset: {fileID: 0}
  m_GameObject: {fileID: 0}
  m_Enabled: 1
  m_EditorHideFlags: 0
  m_Script: {fileID: 11500000, guid: 3f7a83af2e351f449ae416a549f5f85f, type: 3}
  m_Name: TileTypeCheck
  m_EditorClassIdentifier: 
  Enabled: 1
  DebugName: 
  GUIData:
    UseColor: 0
    GUIColor: {r: 1, g: 1, b: 1, a: 1}
    Icon: {fileID: 0}
  m_node: {fileID: 8024517992881800862}
  m_name: TileType
  m_sourceConfig: {fileID: 11400000, guid: dfa48f1d301d1ca44afb081321a1d4da, type: 2}
  m_tileConfig:
    ObjectField: {fileID: 11400000, guid: 258a1128194b9ea4c8c9852e4bf90333, type: 2}
    ResultType: 
  m_grid:
    m_contextType: 0
    m_scriptable: {fileID: 3406154075349550470, guid: e65abf8910d78e34d8a2ecee7bf4f02b, type: 2}
    m_contextProvider:
      ObjectField: {fileID: 11400000}
      ResultType: 
  m_currentPosition:
    m_contextType: 0
    m_scriptable: {fileID: 840613771059934576, guid: e65abf8910d78e34d8a2ecee7bf4f02b, type: 2}
    m_contextProvider:
      ObjectField: {fileID: 11400000}
      ResultType: 
    m_intrinsicValue: {x: 0, y: 0, z: 0}
  m_tileActions:
  - {fileID: 0}
  - {fileID: 2155323911636975006}
  - {fileID: -6434211268597148731}
--- !u!114 &-2798909698409972169
MonoBehaviour:
  m_ObjectHideFlags: 0
  m_CorrespondingSourceObject: {fileID: 0}
  m_PrefabInstance: {fileID: 0}
  m_PrefabAsset: {fileID: 0}
  m_GameObject: {fileID: 0}
  m_Enabled: 1
  m_EditorHideFlags: 0
  m_Script: {fileID: 11500000, guid: d6f3a6cddb63ef642a4ea08aa4d52f7a, type: 3}
  m_Name: AddMeshData
  m_EditorClassIdentifier: 
  m_graph: {fileID: 11400000}
  m_position: {x: 2504, y: -168}
  m_data: {fileID: 8192333096341901811}
--- !u!114 &-1975417051875021800
MonoBehaviour:
  m_ObjectHideFlags: 0
  m_CorrespondingSourceObject: {fileID: 0}
  m_PrefabInstance: {fileID: 0}
  m_PrefabAsset: {fileID: 0}
  m_GameObject: {fileID: 0}
  m_Enabled: 1
  m_EditorHideFlags: 0
  m_Script: {fileID: 11500000, guid: 87463ef291515654aa383e53d5a46de2, type: 3}
  m_Name: ApplyMeshData
  m_EditorClassIdentifier: 
  Enabled: 1
  DebugName: 
  GUIData:
    UseColor: 0
    GUIColor: {r: 1, g: 1, b: 1, a: 1}
    Icon: {fileID: 0}
  m_node: {fileID: -3432183827716320537}
  MeshData:
    m_contextType: 0
    m_scriptable: {fileID: -7399114250515683900, guid: e65abf8910d78e34d8a2ecee7bf4f02b, type: 2}
    m_contextProvider:
      ObjectField: {fileID: 11400000}
      ResultType: 
  MeshObject:
    m_contextType: 0
    m_scriptable: {fileID: 5093361885710667068, guid: e65abf8910d78e34d8a2ecee7bf4f02b, type: 2}
    m_contextProvider:
      ObjectField: {fileID: 11400000}
      ResultType: 
    m_intrinsicValue: {fileID: 0}
  MeshGo:
    m_contextType: 0
    m_scriptable: {fileID: 1834837804620199073, guid: e65abf8910d78e34d8a2ecee7bf4f02b, type: 2}
    m_contextProvider:
      ObjectField: {fileID: 11400000}
      ResultType: 
    m_intrinsicValue: {fileID: 0}
--- !u!114 &-1866841816034251999
MonoBehaviour:
  m_ObjectHideFlags: 0
  m_CorrespondingSourceObject: {fileID: 0}
  m_PrefabInstance: {fileID: 0}
  m_PrefabAsset: {fileID: 0}
  m_GameObject: {fileID: 0}
  m_Enabled: 1
  m_EditorHideFlags: 0
  m_Script: {fileID: 11500000, guid: d6f3a6cddb63ef642a4ea08aa4d52f7a, type: 3}
  m_Name: SelectTextureTypeFromTile
  m_EditorClassIdentifier: 
  m_graph: {fileID: 11400000}
  m_position: {x: 2440, y: 56}
  m_data: {fileID: 7912772179449586026}
--- !u!114 &-867198724180350858
MonoBehaviour:
  m_ObjectHideFlags: 0
  m_CorrespondingSourceObject: {fileID: 0}
  m_PrefabInstance: {fileID: 0}
  m_PrefabAsset: {fileID: 0}
  m_GameObject: {fileID: 0}
  m_Enabled: 1
  m_EditorHideFlags: 0
  m_Script: {fileID: 11500000, guid: d6f3a6cddb63ef642a4ea08aa4d52f7a, type: 3}
  m_Name: S|Room
  m_EditorClassIdentifier: 
  m_graph: {fileID: 11400000}
  m_position: {x: 168, y: -328}
  m_data: {fileID: 1454207928944256003}
--- !u!114 &-690004063838700200
MonoBehaviour:
  m_ObjectHideFlags: 0
  m_CorrespondingSourceObject: {fileID: 0}
  m_PrefabInstance: {fileID: 0}
  m_PrefabAsset: {fileID: 0}
  m_GameObject: {fileID: 0}
  m_Enabled: 1
  m_EditorHideFlags: 0
  m_Script: {fileID: 11500000, guid: e4bd76129b92e2d43a71f5d7686af420, type: 3}
  m_Name: PushMeshData
  m_EditorClassIdentifier: 
  Enabled: 1
  DebugName: 
  GUIData:
    UseColor: 0
    GUIColor: {r: 1, g: 1, b: 1, a: 1}
    Icon: {fileID: 0}
  m_node: {fileID: -3922736548950158816}
  m_pushData:
    m_contextType: 0
    m_scriptable: {fileID: -9087170181262432259, guid: e65abf8910d78e34d8a2ecee7bf4f02b, type: 2}
    m_contextProvider:
      ObjectField: {fileID: 11400000}
      ResultType: 
  m_targetData:
    m_contextType: 0
    m_scriptable: {fileID: -7399114250515683900, guid: e65abf8910d78e34d8a2ecee7bf4f02b, type: 2}
    m_contextProvider:
      ObjectField: {fileID: 11400000}
      ResultType: 
--- !u!114 &11400000
MonoBehaviour:
  m_ObjectHideFlags: 0
  m_CorrespondingSourceObject: {fileID: 0}
  m_PrefabInstance: {fileID: 0}
  m_PrefabAsset: {fileID: 0}
  m_GameObject: {fileID: 0}
  m_Enabled: 1
  m_EditorHideFlags: 0
  m_Script: {fileID: 11500000, guid: dbd4921db9fcb9b4e91993ea3271bdc0, type: 3}
  m_Name: Simple Builder
  m_EditorClassIdentifier: 
  m_nodes:
  - {fileID: 1463150640078555530}
  - {fileID: 1695615503840135283}
  - {fileID: -3418940491019611759}
  - {fileID: 2516969555625685835}
  - {fileID: 8024517992881800862}
  - {fileID: -8294243652476821611}
  - {fileID: 8566402546133021624}
  - {fileID: -1866841816034251999}
  - {fileID: 1410440007007456833}
  - {fileID: -3922736548950158816}
  - {fileID: -4291065513679428463}
  - {fileID: -2798909698409972169}
  - {fileID: 4281945750043954039}
  - {fileID: 1282546912548893729}
  - {fileID: -9012787933955918956}
  - {fileID: -3432183827716320537}
  - {fileID: -867198724180350858}
  - {fileID: 7726558390950477576}
  - {fileID: 5996787523020107099}
  - {fileID: -7515217902629621447}
  m_connections:
  - From:
      Node: {fileID: 1695615503840135283}
      FieldName: ContinueWith.
    To:
      Node: {fileID: -3418940491019611759}
      FieldName: IN
  - From:
      Node: {fileID: -3418940491019611759}
      FieldName: m_actions[0].
    To:
      Node: {fileID: 2516969555625685835}
      FieldName: IN
  - From:
      Node: {fileID: -3418940491019611759}
      FieldName: m_actions[1].
    To:
      Node: {fileID: 8024517992881800862}
      FieldName: IN
  - From:
      Node: {fileID: -8294243652476821611}
      FieldName: m_actions[0].
    To:
      Node: {fileID: 8566402546133021624}
      FieldName: IN
  - From:
      Node: {fileID: -8294243652476821611}
      FieldName: m_actions[2].
    To:
      Node: {fileID: 1410440007007456833}
      FieldName: IN
  - From:
      Node: {fileID: -8294243652476821611}
      FieldName: m_actions[3].
    To:
      Node: {fileID: -3922736548950158816}
      FieldName: IN
  - From:
      Node: {fileID: -8294243652476821611}
      FieldName: m_actions[1].
    To:
      Node: {fileID: -1866841816034251999}
      FieldName: IN
  - From:
      Node: {fileID: -4291065513679428463}
      FieldName: m_actions[1].
    To:
      Node: {fileID: -1866841816034251999}
      FieldName: IN
  - From:
      Node: {fileID: -4291065513679428463}
      FieldName: m_actions[2].
    To:
      Node: {fileID: 1410440007007456833}
      FieldName: IN
  - From:
      Node: {fileID: -4291065513679428463}
      FieldName: m_actions[3].
    To:
      Node: {fileID: -3922736548950158816}
      FieldName: IN
  - From:
      Node: {fileID: -4291065513679428463}
      FieldName: m_actions[0].
    To:
      Node: {fileID: -2798909698409972169}
      FieldName: IN
  - From:
      Node: {fileID: 1463150640078555530}
      FieldName: m_buildPlatform.
    To:
      Node: {fileID: 1282546912548893729}
      FieldName: IN
  - From:
      Node: {fileID: 1282546912548893729}
      FieldName: m_actions[0].
    To:
      Node: {fileID: 4281945750043954039}
      FieldName: IN
  - From:
      Node: {fileID: 1282546912548893729}
      FieldName: m_actions[1].
    To:
      Node: {fileID: -9012787933955918956}
      FieldName: IN
  - From:
      Node: {fileID: 1282546912548893729}
      FieldName: m_actions[2].
    To:
      Node: {fileID: 1695615503840135283}
      FieldName: IN
  - From:
      Node: {fileID: 1282546912548893729}
      FieldName: m_actions[3].
    To:
      Node: {fileID: -3432183827716320537}
      FieldName: IN
  - From:
      Node: {fileID: 8024517992881800862}
      FieldName: m_tileActions[1].
    To:
      Node: {fileID: -8294243652476821611}
      FieldName: IN
  - From:
      Node: {fileID: 8024517992881800862}
      FieldName: m_tileActions[2].
    To:
      Node: {fileID: -4291065513679428463}
      FieldName: IN
  - From:
      Node: {fileID: -867198724180350858}
      FieldName: m_actions[0].
    To:
      Node: {fileID: 7726558390950477576}
      FieldName: IN
  - From:
      Node: {fileID: 1463150640078555530}
      FieldName: m_buildRoom.
    To:
      Node: {fileID: -867198724180350858}
      FieldName: IN
  - From:
      Node: {fileID: -867198724180350858}
      FieldName: m_actions[1].
    To:
      Node: {fileID: 5996787523020107099}
      FieldName: IN
  - From:
      Node: {fileID: 5996787523020107099}
      FieldName: ContinueWith.
    To:
      Node: {fileID: -7515217902629621447}
      FieldName: IN
  - From:
      Node: {fileID: -7515217902629621447}
      FieldName: m_actions[0].
    To:
      Node: {fileID: -9012787933955918956}
      FieldName: IN
  - From:
      Node: {fileID: -7515217902629621447}
      FieldName: m_actions[1].
    To:
      Node: {fileID: 1695615503840135283}
      FieldName: IN
  - From:
      Node: {fileID: -7515217902629621447}
      FieldName: m_actions[2].
    To:
      Node: {fileID: -3432183827716320537}
      FieldName: IN
  m_container: {fileID: 11400000, guid: e65abf8910d78e34d8a2ecee7bf4f02b, type: 2}
  Room:
    m_contextType: 0
    m_scriptable: {fileID: 3676295115215384449, guid: e65abf8910d78e34d8a2ecee7bf4f02b, type: 2}
    m_contextProvider:
      ObjectField: {fileID: 11400000}
      ResultType: 
  Platform:
    m_contextType: 0
    m_scriptable: {fileID: -1279572349265623118, guid: e65abf8910d78e34d8a2ecee7bf4f02b, type: 2}
    m_contextProvider:
      ObjectField: {fileID: 11400000}
      ResultType: 
  MeshGO:
    m_contextType: 0
    m_scriptable: {fileID: 1834837804620199073, guid: e65abf8910d78e34d8a2ecee7bf4f02b, type: 2}
    m_contextProvider:
      ObjectField: {fileID: 11400000}
      ResultType: 
    m_intrinsicValue: {fileID: 0}
  MeshObject:
    m_contextType: 0
    m_scriptable: {fileID: 5093361885710667068, guid: e65abf8910d78e34d8a2ecee7bf4f02b, type: 2}
    m_contextProvider:
      ObjectField: {fileID: 11400000}
      ResultType: 
    m_intrinsicValue: {fileID: 0}
  MeshData:
    m_contextType: 0
    m_scriptable: {fileID: -7399114250515683900, guid: e65abf8910d78e34d8a2ecee7bf4f02b, type: 2}
    m_contextProvider:
      ObjectField: {fileID: 11400000}
      ResultType: 
  TempMeshData:
    m_contextType: 0
    m_scriptable: {fileID: -9087170181262432259, guid: e65abf8910d78e34d8a2ecee7bf4f02b, type: 2}
    m_contextProvider:
      ObjectField: {fileID: 11400000}
      ResultType: 
  Grid:
    m_contextType: 0
    m_scriptable: {fileID: 3406154075349550470, guid: e65abf8910d78e34d8a2ecee7bf4f02b, type: 2}
    m_contextProvider:
      ObjectField: {fileID: 11400000}
      ResultType: 
  Action: {fileID: 0}
  Material: {fileID: 2100000, guid: e7430d0ea47be2f48a6c45285118ed6a, type: 2}
--- !u!114 &1241363435087046970
MonoBehaviour:
  m_ObjectHideFlags: 0
  m_CorrespondingSourceObject: {fileID: 0}
  m_PrefabInstance: {fileID: 0}
  m_PrefabAsset: {fileID: 0}
  m_GameObject: {fileID: 0}
  m_Enabled: 1
  m_EditorHideFlags: 0
  m_Script: {fileID: 11500000, guid: 41fa004e0f21a514696d3481a493b73e, type: 3}
  m_Name: Sequence
  m_EditorClassIdentifier: 
  Enabled: 1
  DebugName: 
  GUIData:
    UseColor: 0
    GUIColor: {r: 1, g: 1, b: 1, a: 1}
    Icon: {fileID: 0}
  m_node: {fileID: -3418940491019611759}
  m_actions:
  - {fileID: -6897966154391276716}
  - {fileID: -2870103089859971713}
  m_name: Grid
--- !u!114 &1282546912548893729
MonoBehaviour:
  m_ObjectHideFlags: 0
  m_CorrespondingSourceObject: {fileID: 0}
  m_PrefabInstance: {fileID: 0}
  m_PrefabAsset: {fileID: 0}
  m_GameObject: {fileID: 0}
  m_Enabled: 1
  m_EditorHideFlags: 0
  m_Script: {fileID: 11500000, guid: d6f3a6cddb63ef642a4ea08aa4d52f7a, type: 3}
  m_Name: S|Platform
  m_EditorClassIdentifier: 
  m_graph: {fileID: 11400000}
  m_position: {x: 168, y: 24}
  m_data: {fileID: 6736489850319210447}
--- !u!114 &1410440007007456833
MonoBehaviour:
  m_ObjectHideFlags: 0
  m_CorrespondingSourceObject: {fileID: 0}
  m_PrefabInstance: {fileID: 0}
  m_PrefabAsset: {fileID: 0}
  m_GameObject: {fileID: 0}
  m_Enabled: 1
  m_EditorHideFlags: 0
  m_Script: {fileID: 11500000, guid: d6f3a6cddb63ef642a4ea08aa4d52f7a, type: 3}
  m_Name: TextureTypeUVsForMeshUVs
  m_EditorClassIdentifier: 
  m_graph: {fileID: 11400000}
  m_position: {x: 2440, y: 232}
  m_data: {fileID: 7889587566924814912}
--- !u!114 &1454207928944256003
MonoBehaviour:
  m_ObjectHideFlags: 0
  m_CorrespondingSourceObject: {fileID: 0}
  m_PrefabInstance: {fileID: 0}
  m_PrefabAsset: {fileID: 0}
  m_GameObject: {fileID: 0}
  m_Enabled: 1
  m_EditorHideFlags: 0
  m_Script: {fileID: 11500000, guid: 41fa004e0f21a514696d3481a493b73e, type: 3}
  m_Name: Sequence
  m_EditorClassIdentifier: 
  Enabled: 1
  DebugName: 
  GUIData:
    UseColor: 0
    GUIColor: {r: 1, g: 1, b: 1, a: 1}
    Icon: {fileID: 0}
  m_node: {fileID: -867198724180350858}
  m_actions:
  - {fileID: 2827059753845691915}
  - {fileID: 6454806809511116227}
  m_name: Room
--- !u!114 &1463150640078555530
MonoBehaviour:
  m_ObjectHideFlags: 0
  m_CorrespondingSourceObject: {fileID: 0}
  m_PrefabInstance: {fileID: 0}
  m_PrefabAsset: {fileID: 0}
  m_GameObject: {fileID: 0}
  m_Enabled: 1
  m_EditorHideFlags: 0
  m_Script: {fileID: 11500000, guid: 885207349a1ab5045a5d450156f412e2, type: 3}
  m_Name: Room Builder Entry
  m_EditorClassIdentifier: 
  m_graph: {fileID: 11400000}
  m_position: {x: -120, y: -8}
  m_buildRoom: {fileID: 1454207928944256003}
  m_buildPlatform: {fileID: 6736489850319210447}
--- !u!114 &1695615503840135283
MonoBehaviour:
  m_ObjectHideFlags: 0
  m_CorrespondingSourceObject: {fileID: 0}
  m_PrefabInstance: {fileID: 0}
  m_PrefabAsset: {fileID: 0}
  m_GameObject: {fileID: 0}
  m_Enabled: 1
  m_EditorHideFlags: 0
  m_Script: {fileID: 11500000, guid: d6f3a6cddb63ef642a4ea08aa4d52f7a, type: 3}
  m_Name: GridIterator
  m_EditorClassIdentifier: 
  m_graph: {fileID: 11400000}
  m_position: {x: 1160, y: 168}
  m_data: {fileID: 5115330645385940910}
--- !u!114 &2155323911636975006
MonoBehaviour:
  m_ObjectHideFlags: 0
  m_CorrespondingSourceObject: {fileID: 0}
  m_PrefabInstance: {fileID: 0}
  m_PrefabAsset: {fileID: 0}
  m_GameObject: {fileID: 0}
  m_Enabled: 1
  m_EditorHideFlags: 0
  m_Script: {fileID: 11500000, guid: 41fa004e0f21a514696d3481a493b73e, type: 3}
  m_Name: Sequence
  m_EditorClassIdentifier: 
  Enabled: 1
  DebugName: 
  GUIData:
    UseColor: 0
    GUIColor: {r: 1, g: 1, b: 1, a: 1}
    Icon: {fileID: 0}
  m_node: {fileID: -8294243652476821611}
  m_actions:
  - {fileID: 7407582198305448374}
  - {fileID: 7912772179449586026}
  - {fileID: 7889587566924814912}
  - {fileID: -690004063838700200}
  m_name: Ground Mesh
--- !u!114 &2516969555625685835
MonoBehaviour:
  m_ObjectHideFlags: 0
  m_CorrespondingSourceObject: {fileID: 0}
  m_PrefabInstance: {fileID: 0}
  m_PrefabAsset: {fileID: 0}
  m_GameObject: {fileID: 0}
  m_Enabled: 1
  m_EditorHideFlags: 0
  m_Script: {fileID: 11500000, guid: d6f3a6cddb63ef642a4ea08aa4d52f7a, type: 3}
  m_Name: UpdateAutoTile
  m_EditorClassIdentifier: 
  m_graph: {fileID: 11400000}
  m_position: {x: 1560, y: -440}
  m_data: {fileID: -6897966154391276716}
--- !u!114 &2827059753845691915
MonoBehaviour:
  m_ObjectHideFlags: 0
  m_CorrespondingSourceObject: {fileID: 0}
  m_PrefabInstance: {fileID: 0}
  m_PrefabAsset: {fileID: 0}
  m_GameObject: {fileID: 0}
  m_Enabled: 1
  m_EditorHideFlags: 0
  m_Script: {fileID: 11500000, guid: 4ce7451e556a4fa4daf5fb143bc2b216, type: 3}
  m_Name: InitGrid
  m_EditorClassIdentifier: 
  Enabled: 1
  DebugName: 
  GUIData:
    UseColor: 0
    GUIColor: {r: 1, g: 1, b: 1, a: 1}
    Icon: {fileID: 0}
  m_node: {fileID: 7726558390950477576}
  m_room:
    m_contextType: 0
    m_scriptable: {fileID: 3676295115215384449, guid: e65abf8910d78e34d8a2ecee7bf4f02b, type: 2}
    m_contextProvider:
      ObjectField: {fileID: 11400000}
      ResultType: 
  m_platform:
    m_contextType: 0
    m_scriptable: {fileID: 0}
    m_contextProvider:
      ObjectField: {fileID: 0}
      ResultType: 
  m_grid:
    m_contextType: 0
    m_scriptable: {fileID: 3406154075349550470, guid: e65abf8910d78e34d8a2ecee7bf4f02b, type: 2}
    m_contextProvider:
      ObjectField: {fileID: 11400000}
      ResultType: 
--- !u!114 &3116447433379110262
MonoBehaviour:
  m_ObjectHideFlags: 0
  m_CorrespondingSourceObject: {fileID: 0}
  m_PrefabInstance: {fileID: 0}
  m_PrefabAsset: {fileID: 0}
  m_GameObject: {fileID: 0}
  m_Enabled: 1
  m_EditorHideFlags: 0
  m_Script: {fileID: 11500000, guid: 41fa004e0f21a514696d3481a493b73e, type: 3}
  m_Name: Sequence
  m_EditorClassIdentifier: 
  Enabled: 1
  DebugName: 
  GUIData:
    UseColor: 0
    GUIColor: {r: 1, g: 1, b: 1, a: 1}
    Icon: {fileID: 0}
  m_node: {fileID: -7515217902629621447}
  m_actions:
  - {fileID: -3139582711525230478}
  - {fileID: 5115330645385940910}
  - {fileID: -1975417051875021800}
  m_name: 
--- !u!114 &4281945750043954039
MonoBehaviour:
  m_ObjectHideFlags: 0
  m_CorrespondingSourceObject: {fileID: 0}
  m_PrefabInstance: {fileID: 0}
  m_PrefabAsset: {fileID: 0}
  m_GameObject: {fileID: 0}
  m_Enabled: 1
  m_EditorHideFlags: 0
  m_Script: {fileID: 11500000, guid: d6f3a6cddb63ef642a4ea08aa4d52f7a, type: 3}
  m_Name: InitGrid
  m_EditorClassIdentifier: 
  m_graph: {fileID: 11400000}
  m_position: {x: 376, y: -56}
  m_data: {fileID: -7469394856012050960}
--- !u!114 &5115330645385940910
MonoBehaviour:
  m_ObjectHideFlags: 0
  m_CorrespondingSourceObject: {fileID: 0}
  m_PrefabInstance: {fileID: 0}
  m_PrefabAsset: {fileID: 0}
  m_GameObject: {fileID: 0}
  m_Enabled: 1
  m_EditorHideFlags: 0
  m_Script: {fileID: 11500000, guid: fd28a1f66ad7c914d869437d1453a8b4, type: 3}
  m_Name: GridIterator
  m_EditorClassIdentifier: 
  Enabled: 1
  DebugName: 
  GUIData:
    UseColor: 0
    GUIColor: {r: 1, g: 1, b: 1, a: 1}
    Icon: {fileID: 0}
  m_node: {fileID: 1695615503840135283}
  m_grid:
    m_contextType: 0
    m_scriptable: {fileID: 3406154075349550470, guid: e65abf8910d78e34d8a2ecee7bf4f02b, type: 2}
    m_contextProvider:
      ObjectField: {fileID: 11400000}
      ResultType: 
  m_currentPosition:
    m_contextType: 0
    m_scriptable: {fileID: 840613771059934576, guid: e65abf8910d78e34d8a2ecee7bf4f02b, type: 2}
    m_contextProvider:
      ObjectField: {fileID: 11400000}
      ResultType: 
    m_intrinsicValue: {x: 0, y: 0, z: 0}
  m_reducedIteration: {x: 0, y: 0, z: 0}
  ContinueWith: {fileID: 1241363435087046970}
--- !u!114 &5996787523020107099
MonoBehaviour:
  m_ObjectHideFlags: 0
  m_CorrespondingSourceObject: {fileID: 0}
  m_PrefabInstance: {fileID: 0}
  m_PrefabAsset: {fileID: 0}
  m_GameObject: {fileID: 0}
  m_Enabled: 1
  m_EditorHideFlags: 0
  m_Script: {fileID: 11500000, guid: d6f3a6cddb63ef642a4ea08aa4d52f7a, type: 3}
  m_Name: PlatformIterator
  m_EditorClassIdentifier: 
  m_graph: {fileID: 11400000}
  m_position: {x: 376, y: -280}
  m_data: {fileID: 6454806809511116227}
--- !u!114 &6454806809511116227
MonoBehaviour:
  m_ObjectHideFlags: 0
  m_CorrespondingSourceObject: {fileID: 0}
  m_PrefabInstance: {fileID: 0}
  m_PrefabAsset: {fileID: 0}
  m_GameObject: {fileID: 0}
  m_Enabled: 1
  m_EditorHideFlags: 0
  m_Script: {fileID: 11500000, guid: 06de0cd5f6c2fe9438dd6ce0110137ac, type: 3}
  m_Name: PlatformIterator
  m_EditorClassIdentifier: 
  Enabled: 1
  DebugName: 
  GUIData:
    UseColor: 0
    GUIColor: {r: 1, g: 1, b: 1, a: 1}
    Icon: {fileID: 0}
  m_node: {fileID: 5996787523020107099}
  m_room:
    m_contextType: 0
    m_scriptable: {fileID: 3676295115215384449, guid: e65abf8910d78e34d8a2ecee7bf4f02b, type: 2}
    m_contextProvider:
      ObjectField: {fileID: 11400000}
      ResultType: 
  m_currentPlatform:
    m_contextType: 0
    m_scriptable: {fileID: -1279572349265623118, guid: e65abf8910d78e34d8a2ecee7bf4f02b, type: 2}
    m_contextProvider:
      ObjectField: {fileID: 11400000}
      ResultType: 
  m_currentPosition:
    m_contextType: 0
    m_scriptable: {fileID: 840613771059934576, guid: e65abf8910d78e34d8a2ecee7bf4f02b, type: 2}
    m_contextProvider:
      ObjectField: {fileID: 11400000}
      ResultType: 
    m_intrinsicValue: {x: 0, y: 0, z: 0}
  m_meshGO:
    m_contextType: 0
    m_scriptable: {fileID: 1834837804620199073, guid: e65abf8910d78e34d8a2ecee7bf4f02b, type: 2}
    m_contextProvider:
      ObjectField: {fileID: 11400000}
      ResultType: 
    m_intrinsicValue: {fileID: 0}
  m_mesh:
    m_contextType: 0
    m_scriptable: {fileID: 5093361885710667068, guid: e65abf8910d78e34d8a2ecee7bf4f02b, type: 2}
    m_contextProvider:
      ObjectField: {fileID: 11400000}
      ResultType: 
    m_intrinsicValue: {fileID: 0}
  ContinueWith: {fileID: 3116447433379110262}
--- !u!114 &6736489850319210447
MonoBehaviour:
  m_ObjectHideFlags: 0
  m_CorrespondingSourceObject: {fileID: 0}
  m_PrefabInstance: {fileID: 0}
  m_PrefabAsset: {fileID: 0}
  m_GameObject: {fileID: 0}
  m_Enabled: 1
  m_EditorHideFlags: 0
  m_Script: {fileID: 11500000, guid: 41fa004e0f21a514696d3481a493b73e, type: 3}
  m_Name: Sequence
  m_EditorClassIdentifier: 
  Enabled: 1
  DebugName: 
  GUIData:
    UseColor: 0
    GUIColor: {r: 1, g: 1, b: 1, a: 1}
    Icon: {fileID: 0}
  m_node: {fileID: 1282546912548893729}
  m_actions:
  - {fileID: -7469394856012050960}
  - {fileID: -3139582711525230478}
  - {fileID: 5115330645385940910}
  - {fileID: -1975417051875021800}
  m_name: Platform
--- !u!114 &7407582198305448374
MonoBehaviour:
  m_ObjectHideFlags: 0
  m_CorrespondingSourceObject: {fileID: 0}
  m_PrefabInstance: {fileID: 0}
  m_PrefabAsset: {fileID: 0}
  m_GameObject: {fileID: 0}
  m_Enabled: 1
  m_EditorHideFlags: 0
  m_Script: {fileID: 11500000, guid: 5e9dc1990a4df5949a06e95319c85a4b, type: 3}
  m_Name: AddMeshData
  m_EditorClassIdentifier: 
  Enabled: 1
  DebugName: 
  GUIData:
    UseColor: 0
    GUIColor: {r: 1, g: 1, b: 1, a: 1}
    Icon: {fileID: 0}
  m_node: {fileID: 8566402546133021624}
  m_currentPosition:
    m_contextType: 0
    m_scriptable: {fileID: 840613771059934576, guid: e65abf8910d78e34d8a2ecee7bf4f02b, type: 2}
    m_contextProvider:
      ObjectField: {fileID: 11400000}
      ResultType: 
    m_intrinsicValue: {x: 0, y: 0, z: 0}
  m_meshData:
    m_contextType: 0
    m_scriptable: {fileID: -9087170181262432259, guid: e65abf8910d78e34d8a2ecee7bf4f02b, type: 2}
    m_contextProvider:
      ObjectField: {fileID: 11400000}
      ResultType: 
  m_meshVar:
    m_contextType: 1
    m_scriptable: {fileID: 0}
    m_contextProvider:
      ObjectField: {fileID: 0}
      ResultType: 
    m_intrinsicValue: {fileID: 10210, guid: 0000000000000000e000000000000000, type: 0}
  m_meshOffset: {x: 0.5, y: 0, z: 0.5}
  m_orientation: {x: 90, y: 0, z: 0}
--- !u!114 &7726558390950477576
MonoBehaviour:
  m_ObjectHideFlags: 0
  m_CorrespondingSourceObject: {fileID: 0}
  m_PrefabInstance: {fileID: 0}
  m_PrefabAsset: {fileID: 0}
  m_GameObject: {fileID: 0}
  m_Enabled: 1
  m_EditorHideFlags: 0
  m_Script: {fileID: 11500000, guid: d6f3a6cddb63ef642a4ea08aa4d52f7a, type: 3}
  m_Name: InitGrid
  m_EditorClassIdentifier: 
  m_graph: {fileID: 11400000}
  m_position: {x: 376, y: -408}
  m_data: {fileID: 2827059753845691915}
--- !u!114 &7889587566924814912
MonoBehaviour:
  m_ObjectHideFlags: 0
  m_CorrespondingSourceObject: {fileID: 0}
  m_PrefabInstance: {fileID: 0}
  m_PrefabAsset: {fileID: 0}
  m_GameObject: {fileID: 0}
  m_Enabled: 1
  m_EditorHideFlags: 0
  m_Script: {fileID: 11500000, guid: 22e01d9b9def52b44a7862feb5f8350c, type: 3}
  m_Name: TextureTypeUVsForMeshUVs
  m_EditorClassIdentifier: 
  Enabled: 1
  DebugName: 
  GUIData:
    UseColor: 0
    GUIColor: {r: 1, g: 1, b: 1, a: 1}
    Icon: {fileID: 0}
  m_node: {fileID: 1410440007007456833}
  m_texConfig: {fileID: 11400000, guid: c0a39a8faf9360341a7ee890cd487e31, type: 2}
  m_meshData:
    m_contextType: 0
    m_scriptable: {fileID: -9087170181262432259, guid: e65abf8910d78e34d8a2ecee7bf4f02b, type: 2}
    m_contextProvider:
      ObjectField: {fileID: 11400000}
      ResultType: 
  m_tileSetFilter:
    m_contextType: 0
    m_scriptable: {fileID: -5308002228898625924, guid: e65abf8910d78e34d8a2ecee7bf4f02b, type: 2}
    m_contextProvider:
      ObjectField: {fileID: 11400000}
      ResultType: 
--- !u!114 &7912772179449586026
MonoBehaviour:
  m_ObjectHideFlags: 0
  m_CorrespondingSourceObject: {fileID: 0}
  m_PrefabInstance: {fileID: 0}
  m_PrefabAsset: {fileID: 0}
  m_GameObject: {fileID: 0}
  m_Enabled: 1
  m_EditorHideFlags: 0
  m_Script: {fileID: 11500000, guid: 50231798a59a5a442a423520a5f3c6a6, type: 3}
  m_Name: SelectTextureTypeFromTile
  m_EditorClassIdentifier: 
  Enabled: 1
  DebugName: 
  GUIData:
    UseColor: 0
    GUIColor: {r: 1, g: 1, b: 1, a: 1}
    Icon: {fileID: 0}
  m_node: {fileID: -1866841816034251999}
  m_sourceConfig: {fileID: 11400000, guid: dfa48f1d301d1ca44afb081321a1d4da, type: 2}
  m_texConfig: {fileID: 11400000, guid: c0a39a8faf9360341a7ee890cd487e31, type: 2}
  m_grid:
    m_contextType: 0
    m_scriptable: {fileID: 3406154075349550470, guid: e65abf8910d78e34d8a2ecee7bf4f02b, type: 2}
    m_contextProvider:
      ObjectField: {fileID: 11400000}
      ResultType: 
  m_currentPosition:
    m_contextType: 0
    m_scriptable: {fileID: 840613771059934576, guid: e65abf8910d78e34d8a2ecee7bf4f02b, type: 2}
    m_contextProvider:
      ObjectField: {fileID: 11400000}
      ResultType: 
    m_intrinsicValue: {x: 0, y: 0, z: 0}
  m_tileSetFilter:
    m_contextType: 0
    m_scriptable: {fileID: -5308002228898625924, guid: e65abf8910d78e34d8a2ecee7bf4f02b, type: 2}
    m_contextProvider:
      ObjectField: {fileID: 11400000}
      ResultType: 
--- !u!114 &8024517992881800862
MonoBehaviour:
  m_ObjectHideFlags: 0
  m_CorrespondingSourceObject: {fileID: 0}
  m_PrefabInstance: {fileID: 0}
  m_PrefabAsset: {fileID: 0}
  m_GameObject: {fileID: 0}
  m_Enabled: 1
  m_EditorHideFlags: 0
  m_Script: {fileID: 11500000, guid: d6f3a6cddb63ef642a4ea08aa4d52f7a, type: 3}
  m_Name: TileType
  m_EditorClassIdentifier: 
  m_graph: {fileID: 11400000}
  m_position: {x: 1560, y: -328}
  m_data: {fileID: -2870103089859971713}
--- !u!114 &8192333096341901811
MonoBehaviour:
  m_ObjectHideFlags: 0
  m_CorrespondingSourceObject: {fileID: 0}
  m_PrefabInstance: {fileID: 0}
  m_PrefabAsset: {fileID: 0}
  m_GameObject: {fileID: 0}
  m_Enabled: 1
  m_EditorHideFlags: 0
  m_Script: {fileID: 11500000, guid: 5e9dc1990a4df5949a06e95319c85a4b, type: 3}
  m_Name: AddMeshData
  m_EditorClassIdentifier: 
  Enabled: 1
  DebugName: 
  GUIData:
    UseColor: 0
    GUIColor: {r: 1, g: 1, b: 1, a: 1}
    Icon: {fileID: 0}
  m_node: {fileID: -2798909698409972169}
  m_currentPosition:
    m_contextType: 0
    m_scriptable: {fileID: 840613771059934576, guid: e65abf8910d78e34d8a2ecee7bf4f02b, type: 2}
    m_contextProvider:
      ObjectField: {fileID: 11400000}
      ResultType: 
    m_intrinsicValue: {x: 0, y: 0, z: 0}
  m_meshData:
    m_contextType: 0
    m_scriptable: {fileID: -9087170181262432259, guid: e65abf8910d78e34d8a2ecee7bf4f02b, type: 2}
    m_contextProvider:
      ObjectField: {fileID: 11400000}
      ResultType: 
  m_meshVar:
    m_contextType: 1
    m_scriptable: {fileID: 0}
    m_contextProvider:
      ObjectField: {fileID: 0}
      ResultType: 
    m_intrinsicValue: {fileID: 10202, guid: 0000000000000000e000000000000000, type: 0}
  m_meshOffset: {x: 0.5, y: 0.5, z: 0.5}
  m_orientation: {x: 0, y: 0, z: 0}
--- !u!114 &8566402546133021624
MonoBehaviour:
  m_ObjectHideFlags: 0
  m_CorrespondingSourceObject: {fileID: 0}
  m_PrefabInstance: {fileID: 0}
  m_PrefabAsset: {fileID: 0}
  m_GameObject: {fileID: 0}
  m_Enabled: 1
  m_EditorHideFlags: 0
  m_Script: {fileID: 11500000, guid: d6f3a6cddb63ef642a4ea08aa4d52f7a, type: 3}
  m_Name: AddMeshData
  m_EditorClassIdentifier: 
  m_graph: {fileID: 11400000}
  m_position: {x: 2392, y: -392}
  m_data: {fileID: 7407582198305448374}
